@article{Sokolova:2009:SAP:1542545.1542682,
 author = {Sokolova, Marina and Lapalme, Guy},
 title = {A Systematic Analysis of Performance Measures for Classification Tasks},
 journal = {Inf. Process. Manage.},
 issue_date = {July, 2009},
 volume = {45},
 number = {4},
 month = jul,
 year = {2009},
 issn = {0306-4573},
 pages = {427--437},
 numpages = {11},
 url = {http://dx.doi.org/10.1016/j.ipm.2009.03.002},
 doi = {10.1016/j.ipm.2009.03.002},
 acmid = {1542682},
 publisher = {Pergamon Press, Inc.},
 address = {Tarrytown, NY, USA},
 keywords = {Machine Learning, Performance evaluation, Text classification},
} 